@String (icra = "Proceedings of the IEEE International Conference on Robotics \& Automation (ICRA)")
@String (icarcv = "Proceedings of the IEEE International Conference on Control, Automation, Robotics and Vision Conference (ICARCV)")
@String (ifac = "Proceedings of the International Federation of Automatic Control World Congress (IFAC)")
@String (mtns = "Proceedings of the  International Symposium on Mathematical Theory of Networks and Systems (MTNS)")
@String (fpr = "Full paper review")
@String (med = "Proceedings of the Mediterranean Conference on Control and Automation (MED)")
@String (iros = "Proceedings of IEEE/RSJ International Conference on Intelligent Robots and Systems (IROS)")
@String (acc = "Proceedings of the American Controls Conference (ACC)")
@String (plasma = "Proceedings of the AIAA Plasmadynamics and Lasers Conference")
@String (ijrr = "International Journal of Robotics Research")
@String (iftomm = "Proceedings of the IFToMM World Congress in Mechanism and Machine Science")
@String (ecc = "Proceedings of the European Controls Conference (ECC)")
@String (mmar = "")

% udpated for 2023
@INPROCEEDINGS{goodwinemmar2023,
  author={Goodwine, Bill},
  booktitle={2023 27th International Conference on Methods and Models in Automation and Robotics (MMAR)},
  title={Factors Influencing Fractional-Order Dynamics in Large, Scale-Free Robotics Swarms},
  year={2023},
  volume={},
  number={},
  pages={382-387},
  keywords={Damping;Correlation;Automation;Differential equations;Mathematical models;Large-scale systems;Springs;fractional-order calculus;swarm robots;modeling},
  doi={10.1109/MMAR58394.2023.10242544}}

@INPROCEEDINGS{goodwinemed2023,
  author={Goodwine, Bill},
  booktitle={2023 31st Mediterranean Conference on Control and Automation (MED)},
  title={Fractional-Order Dynamics in Large Scale Control Systems},
  year={2023},
  volume={},
  number={},
  pages={747-752},
  keywords={Visualization;Computational modeling;Differential equations;Inspection;Cyber-physical systems;Mathematical models;Shock absorbers},
  doi={10.1109/MED59994.2023.10185897}}


% Xiangyu 2022
@INPROCEEDINGS{bg:xniicarcv2022,
  author={Ni, Xiangyu and Goodwine, Bill},
  booktitle={2022  International Conference on Control, Automation, Robotics and Vision (ICARCV)}, 
  title={Frequency Response of Transmission Lines with Unevenly Distributed Properties with Application to Railway Safety Monitoring}, 
  year={2022},
  volume={},
  number={},
  pages={584-589},
  doi={10.1109/ICARCV57592.2022.10004286}}

@article{bg:xnids2022,
    author = {Ni, Xiangyu and Goodwine, Bill},
    title = "{Frequency Response and Transfer Functions of Large Self-Similar Networks}",
    journal = {Journal of Dynamic Systems, Measurement, and Control},
    volume = {144},
    number = {8},
    year = {2022},
    month = {06},
    issn = {0022-0434},
    doi = {10.1115/1.4054645},
    url = {https://doi.org/10.1115/1.4054645},
    note = {081007},
    eprint = {https://asmedigitalcollection.asme.org/dynamicsystems/article-pdf/144/8/081007/6888118/ds\_144\_08\_081007.pdf},
}

% Tan 2022
@INPROCEEDINGS{bg:chenSII2022,
  author={Chen, Tan and Goodwine, Bill},
  booktitle={2022 IEEE/SICE International Symposium on System Integration (SII)},
  title={A Symmetric Neural Network to Compute Fractional Derivatives by Training with Integer Derivatives},
  year={2022},
  volume={},
  number={},
  pages={291-296},
  doi={10.1109/SII52469.2022.9708840}}

@inproceedings{bg:xniecc2021,
	title={Frequency response of transmission lines with unevenly distributed properties with application to railway safety monitoring},
	booktitle=ecc,
	year={2021},
	address={Rotterdam, Netherlands},
	author={Xiangyu Ni and Bill Goodwine},
	note={Submitted, under review}
}

@inproceedings{bg:xniifac2020,
title={Damage Identification for The Tree-like Network through
Frequency-domain Modeling},
booktitle=ifac,
year={2020},
address={Berlin, Germany},
author={Xiangyu Ni and Bill Goodwine},
note={Online conference}
}

@inproceedings{bg:xnimtns2020,
title={Damage Modeling for the Tree-Like Network with Fractional-
Order Calculus},
booktitle=mtns,
author={Xiangyu Ni and Bill Goodwine},
year={2020},
address={Cambridge, UK},
note={Conference delayed to 2021. Paper accepted for presentation and publication.}
}


@article{bg:xninonlinear2020,
title={Damage Modeling and Detection for a Tree Network using
Fractional-Order Calculus},
author={Xiangyu Ni and Bill Goodwine},
journal={Nonlinear Dynamics},
volume={101},
pages={875--891},
note={},
year={2020}
}


% Tan


@Article{bg:chenautomatica,
	title = {Controllability and accessibility results for N-link horizontal planar manipulators with one unactuated joint},
journal = {Automatica},
volume = {125},
pages = {109480},
year = {2021},
issn = {0005-1098},
doi = {https://doi.org/10.1016/j.automatica.2020.109480},
url = {https://www.sciencedirect.com/science/article/pii/S0005109820306798},
}

@article{bg:chenRAS2021,
title = {Robust gait design for a compass gait biped on slippery surfaces},
journal = {Robotics and Autonomous Systems},
volume = {140},
pages = {103762},
year = {2021},
issn = {0921-8890},
doi = {https://doi.org/10.1016/j.robot.2021.103762},
url = {https://www.sciencedirect.com/science/article/pii/S0921889021000476},
author = {Tan Chen and Bill Goodwine},
}

@inproceedings{bg:chenicarcv2020,
	author={Tan Chen and Bill Goodwine},
	title={Control of A 2R Planar Horizontal Underactuated Manipulator},
	booktitle=icarcv,
	year={2020},
	pages={925--931},
	address={Singapore}
}

@article{bg:chennlinkjournal,
	author={Tan Chen and Bill Goodwine},
  title={Controllability and Accessibility Results for $N$-Link Horizontal Planar Manipulators with One Unactuated Joint},
  journal={Automatica},
  year={2021},
  note={Accepted and appeared online in 2020. Paper publication in March 2021, volume 125.}
}

@inproceedings{bg:cheniros2020,
title={Robust Gait Design Insights from Studying a Compass Gait Biped with Foot Slipping},
author={Tan Chen and Bill Goodwine},
booktitle=iros,
address={Las Vegas, NV, USA},
year={2020},
note={Accpted for presentation and publication, October 2020}
}

@inproceedings{bg:chen2019simple,
  title={A Simple Approach on Global Control of a Class of Underactuated Mechanical Robotic Systems},
  author={Chen, Tan and Goodwinel, Bill},
  booktitle={2019 IEEE/RSJ International Conference on Intelligent Robots and Systems (IROS)},
  pages={5139--5145},
  year={2019},
  organization={IEEE},
  address={Macau, China}
}

@article{bg:chen2020robustness,
  title={Robustness and efficiency insights from a mechanical coupling metric for ankle-actuated biped robots},
  author={Chen, Tan and Schmiedeler, James P and Goodwine, Bill},
  journal={Autonomous Robots},
  volume={44},
  number={2},
  pages={281--295},
  year={2020},
  publisher={Springer}
}

@inproceedings{bg:chen2020isolation,
  title={Isolation of Unactuation: An Energetic Approach to Derive Static Equilibria for Underactuated Mechanical Systems},
  author={Chen, Tan and Goodwine, Bill},
  booktitle={2020 European Control Conference (ECC)},
  pages={1454--1460},
  year={2020},
  organization={IEEE},
  address={St Petersburg, Russia (online)}
}

@InProceedings{bg:codit2019,
  author = {A.-J. Guel-Cortez and Mihir Sen and  C.-F. MÃ©ndez-Barrios and  Bill Goodwine},
  title = {Fractional-$PD^\mu$ Controllers for Irrational Systems},
  booktitle = {Proceedings of the 6th International Conference on Control, Decision and Information Technologies (CoDIT)},
  year = {2019},
  pages = {13--18},
  address = {Paris, France},
  annote = {DOI: 10.1109/CoDIT.2019.8820577}
}

@InProceedings{bg:acc2019,
  author = 	 {A.-J. Guel-Cortez and Mihir Sen and Bill Goodwine},
  title = 	 {Closed Form Time Response of an Infinite Tree of Mechanical Components Described by an Irrational Transfer Function},
  booktitle = acc,
  pages = 	 {5828--5833},
  year = 	 {2019},
  annote = 	 {DOI: 10.23919/ACC.2019.8815243}
}

@InProceedings{bg:ecc2019,
  author = 	 {Tan Chen and Bill Goodwine},
  title = 	 {Controllability and Accessibility Results for an
                  $N$-Link Horizontal Planar Pendubot},
  booktitle = ecc,
  pages = 	 {2596--2602},
  year = 	 {2019},
  annote = 	 {DOI: 10.23919/ECC.2019.8796254}
}

@Article{bg:chen2019,
	author = {Tan Chen and James P Schmiedeler and Bill Goodwine},
	title = {Robustness and efficiency insights from a mechanical coupling metric for ankle-actuated biped robots},
	journal= {Autonomous Robots},
	year = {2019},
	pages = {1--15},
	annote = {https://doi-org.proxy.library.nd.edu/10.1007/s10514-019-09893-w}
}	

@Article{bg:ijrr2019,
  author = 	 {Martin Fevre and Bill Goodwine and James P Schmiedeler},
  title = 	 {Terrain-blind walking of planar underactuated bipeds via velocity decomposition-enhanced control},
  journal = 	 {International Journal of Robotics Research},
  year = 	 {2019},
  OPTkey = 	 {},
  volume = 	 {38},
  number = 	 {10--11},
  pages = 	 {1307-1323},
  OPTmonth = 	 {},
  annote = 	 {https://doi.org/10.1177/0278364919870242}
}

@Article{bg:jmr2019,
  author = 	 {Martin Fevre and Bill Goodwine and James P Schmiedeler},
  title = 	 { Velocity Decomposition-Enhanced Control for Point
                  and Curved-Foot Planar Bipeds Experiencing Velocity Disturbances},
  journal = 	 {ASME Journal of Mechanisms and Robotics},
  year = 	 {2019},
  OPTkey = 	 {},
  volume = 	 {11},
  number = 	 {2},
  pages = 	 {020901-1--020901-8},
}

@InProceedings{bg:idetc2018,
  author = 	 {Martin Fevre and Bill Goodwine and James P Schmiedeler},
  title = 	 { Velocity Decomposition-Enhanced Control for Point
                  and Curved-Foot Planar Bipeds Experiencing Velocity Disturbances},
  OPTcrossref =  {},
  OPTkey = 	 {},
  booktitle = {Proceedings of the ASME International Design Engineering
                  Technical Conferences and Computers and Information
                  in Engineering Conference, 42nd Mechanisms and
                  Robotics Conference},
  OPTpages = 	 {},
  year = 	 {2018},
  OPTeditor = 	 {},
  volume = 	 {5B},
  OPTnumber = 	 {},
  OPTseries = 	 {},
  OPTaddress = 	 {},
  OPTmonth = 	 {},
  OPTorganization = {},
  OPTpublisher = {},
  note = 	 {Note: identical to 2019 JMR journal paper.},
  OPTannote = 	 {}
}


@Article{bg:ral2018,
  author = 	 {Martin Fevre and Bill Goodwine and James P Schmiedeler},
  title = 	 {Design and Experimental Validation of a Velocity Decomposition-Based Controller for Underactuated Planar Bipeds},
  journal = 	 {IEEE Robotics and Automation Letters},
  year = 	 {2018},
  OPTkey = 	 {},
  volume = 	 {3},
  number = 	 {3},
  pages = 	 {1896--1903},
  OPTmonth = 	 {},
  OPTannote = 	 {}
}

@InProceedings{bg:med2018,
  author = 	 {Bill Geodwine},
  title = 	 {Approximations for Implicitly-Defined Dynamics of
                  Networks of Simple Mechanical Components},
  OPTcrossref =  {},
  OPTkey = 	 {},
  booktitle = {Proceedings of the 26th Mediterranean Conference on
                  Control and Automation},
  pages = 	 {454--459},
  year = 	 {2018},
  OPTeditor = 	 {},
  OPTvolume = 	 {},
  OPTnumber = 	 {},
  OPTseries = 	 {},
  OPTaddress = 	 {},
  OPTmonth = 	 {},
  OPTorganization = {},
  OPTpublisher = {},
  OPTnote = 	 {},
  OPTannote = 	 {}
}

@Article{bg:kevinnonlin,
  author = 	 {Kevin Leyden and Bill Goodwine},
  title = 	 {Fractional-order system identification for health monitoring},
  journal = 	 {Nonlinear Dynamics},
  year = 	 {2018},
  OPTkey = 	 {},
  volume = 	 {92},
  number = 	 {3},
  pages = 	 {1317--1334},
  OPTmonth = 	 {},
  OPTnote = 	 {},
  OPTannote = 	 {}
}



@Article{bg:chaos2018,
  author = 	 {Mihir Sen and John P Hollkamp and Fabio Semperlotti
                  and Bill Goodwine},
  title = 	 {Implicit and fractional-derivative operators in
                  infinite networks of integer-order components},
  journal = 	 {Chaos, Solitons \& Fractals},
  year = 	 {2018},
  OPTkey = 	 {},
  volume = 	 {114},
  OPTnumber = 	 {},
  pages = 	 {186--192},
  OPTmonth = 	 {},
  OPTnote = 	 {},
  OPTannote = 	 {}
}

@InProceedings{bg:iros2018,
  author = 	 {Kevin Leyden and Bill Goodwine},
  title = 	 {Fractional-Order Trajectory-Following Control for
                  Two-Legged Dynamic Walking},
  OPTcrossref =  {},
  OPTkey = 	 {},
  booktitle = iros,
  pages = 	 {699--704},
  year = 	 {2018},
  OPTeditor = 	 {},
  OPTvolume = 	 {},
  OPTnumber = 	 {},
  OPTseries = 	 {},
  address = 	 {Madrid, Spain},
  OPTmonth = 	 {},
  OPTorganization = {},
  OPTpublisher = {},
  OPTnote = 	 {},
  OPTannote = 	 {}
}



@InProceedings{bg:icarcv2018,
  author = 	 {Tan Chen and James P Schmiedeler and Bill Goodwine},
  title = 	 {A Study of the Relationship between a Mechanical
                  Coupling Metric and Gait Characteristics for an
                  Ankle-Actuated Biped Robot},
  OPTcrossref =  {},
  OPTkey = 	 {},
  booktitle = icarcv,
  pages = 	 {1180--1185},
  year = 	 {2018},
  OPTeditor = 	 {},
  OPTvolume = 	 {},
  OPTnumber = 	 {},
  OPTseries = 	 {},
  address = 	 {Singapore},
  OPTmonth = 	 {},
  OPTorganization = {},
  OPTpublisher = {},
  OPTnote = 	 {},
  OPTannote = 	 {}
}


@Article{bg:moshen,
  author = 	 {Vijay Gupta and Mohsen Rakhshan and Bill Goodwine},
  title = 	 {On passivity of fractional-order systems},
  journal = 	 {SIAM Journal of Control and Optimization},
  year = 	 {2019},
  OPTkey = 	 {},
  volume = 	 {57},
  number = 	 {2},
  pages = 	 {1378-1389},
  OPTmonth = 	 {},
  annote = 	 {DOI. 10.1137/17M1126230}
}

@InProceedings{bg:mexicano,
	author = {Daniel Ramos-\'Avila  and C\'esar Rodr\'iguez1 and Jonathan Hern\'andez-Carrillo and A.-J. Guel-Cortez and Mihir Sen and Cesar M \'endez-Barrios and Emilio Gonzalez-Galv\'an and Bill Goodwine},
	title = {Experiments with $PD$-controlled robots in ring formation},
	booktitle = {Proceedings of the Memorias del XXI Congreso Mexicano de Rob\'otica},
	pages = {110--115},
	year = {2019}
}

@Article{bg:jdmc2019,
  author = 	 {Kevin Leyden and Mihir Sen and Bill Goodwine},
  title = 	 {Large and Infinite Mass-Spring-Damper Networks},
  journal = 	 {Journal of Dynamic Systems, Measurement and Control},
  year = 	 {2019},
  OPTkey = 	 {},
  volume = 	 {141},
  number = 	 {6},
  pages = 	 {061005-1--061005-8},
  OPTmonth = 	 {},
  annote = 	 {[DOI: 10.1115/1.4042466]}
}

%%%%%%%%%%%%%%%%%%%%%%%%% Not final



@Misc{bg:implicit,
  author = 	 {Mihir Sen and John P Hollkamp and Fabio Semperlotti and Bill Goodwine},
  title = 	 {Implicit operators for networked mechanical and
                  thermal systems with integer-order components},
note = {In preparation.}
}

@Misc{bg:networkoperators,
  OPTkey = 	 {},
  author = 	 {Kevin Leyden and Mihir Sen and Bill Goodwine},
  title = 	 {Large and Infinite Mass-Spring-Damper Networks},
  OPThowpublished = {},
  OPTmonth = 	 {},
  OPTyear = 	 {},
  note = 	 {In preparation. To be sumbitted to ASME 
Journal of Dynamic Systems, Measurement, and Control},
  OPTannote = 	 {}
}

@InProceedings{bg:mathmod18,
  title = 	 {Models from an Implicit Operator Describing a Large
                  Mass-Spring-Damper Network},
  author = 	 {Kevin Leyden and Mihir Sen and Bill Goodwine},
  OPTcrossref =  {},
  OPTkey = 	 {},
  booktitle = {Proceedings of the Vienna International Conference
                  on Mathematical Modeling},
  pages = 	 {831--836},
  year = 	 {2018},
  OPTeditor = 	 {},
  volume = 	 {2},
  OPTnumber = 	 {},
  OPTseries = 	 {},
  OPTaddress = 	 {},
  OPTmonth = 	 {},
  OPTorganization = {},
  OPTpublisher = {},
  note = 	 {Available online: IFAC-PapersOnLine.},
  OPTannote = 	 {}
}

%%%%%%%%%%%%%%%%%%%%%%%%% Not final


Bill Goodwine

Year: 2016
Pages: 1 - 7
@InProceedings{bg:isic2017,
  author = 	 {Bill Goodwine},
  title = 	 {Fractional-order approximations to
                  implicitly-defined operators for modeling and control of networked mechanical systems},
  booktitle = {Proceedings of the 2016 IEEE International Symposium on Intelligent Control (ISIC)},
  pages = 	 {1-7},
  year = 	 {2017},
  address = 	 {Buenos Aires, Argentina},
}

@InProceedings{bg:mmar2017,
  author = 	 {Tan Chen and Xiangyu Ni and James Schmiedeler and Bill Goodwine},
  title = 	 {Using a Nonlinear Mechanical Control Coupling Metric
                  for Biped Robot Control and Design},
  OPTcrossref =  {},
  OPTkey = 	 {},
  booktitle = {Proceedings of the 2017 22nd International Conference
                  on Methods and Models in Automation and Robotics (MMAR)},
  pages = 	 {903-908},
  year = 	 {2017},
  OPTeditor = 	 {},
  OPTvolume = 	 {},
  OPTnumber = 	 {},
  OPTseries = 	 {},
  OPTaddress = 	 {},
  OPTmonth = 	 {},
  OPTorganization = {},
  OPTpublisher = {},
  OPTnote = 	 {},
  OPTannote = 	 {}
}

@InProceedings{bg:icee2014,
  author = 	 {Yiming Rong and Dan Wu and Haiyan Zhao and Xuekun Li
                  and Bill Goodwine and Gretar Tryggvanson},
  title = 	 {Global Capstone Design Experience in Engineering Education},
  OPTcrossref =  {},
  OPTkey = 	 {},
  booktitle = {Proceeding of the Joint International Conference on
                  Engineering Education \& International Conference on
                  Information Technology},
  pages = 	 {397-403},
  year = 	 {2014},
  OPTeditor = 	 {},
  OPTvolume = 	 {},
  OPTnumber = 	 {},
  OPTseries = 	 {},
  address = 	 {Riga, Latvia},
  OPTmonth = 	 {},
  OPTorganization = {},
  OPTpublisher = {},
  OPTnote = 	 {},
  OPTannote = 	 {}
}

@InProceedings{bg:icra2016,
  author = 	 {Kevin Leyden and Bill Goodwine},
  title = 	 {Using fractional-order differential equations for
                  health monitoring of a system of cooperating robots},
  booktitle = icra,
  pages = 	 {366 - 371},
  year = 	 {2016},
  address = 	 {Stockholm, Sweden},
  note = fpr
}

@InProceedings{bg:sii2015,
  author = 	 {Bill Goodwine},
  title = 	 {Towards some general results in bifurcations in
                  optimal solutions for symmetric distributed robotic
                  formation control}, 
  OPTcrossref =  {},
  OPTkey = 	 {},
  booktitle = {Proceedings of the IEEE/SICE International Symposium on
                  System Integration (SII)}, 
  pages = 	 {358 - 363},
  year = 	 {2015},
  OPTeditor = 	 {},
  OPTvolume = 	 {},
  OPTnumber = 	 {},
  OPTseries = 	 {},
  address = 	 {Nagoya, Japan},
  OPTmonth = 	 {},
  OPTorganization = {},
  OPTpublisher = {},
  note = 	 fpr,
  OPTannote = 	 {}
}

@Article{bg:robotica2016,
  author = 	 {Baoyang Deng and Michael O'Connor and Bill
                  Goodwine}, 
  title = 	 {Bifurcations and Symmetry in Two Optimal Formation
                  Control Problems for Mobile Robotic Systems}, 
  journal = 	 {Robotica},
  year = 	 {2016},
  volume =       {35},
number = {8},
pages = {1712-1731},
}

@Article{bg:robotica2015,
  author = 	 {Baoyang Deng and Michael O'Connor and Bill
                  Goodwine}, 
  title = 	 {Bifurcations and Symmetry in Two Optimal Formation
                  Control Problems for Mobile Robotic Systems}, 
  journal = 	 {Robotica},
  year = 	 {2016},
  note = 	 {In press, final version accepted},
}

@Article{bg:origami2015,
  author = 	 {Nicholas Turner and Bill Goodwine and Mihir Sen}, 
  title = 	 {A Review of Origami Applications in Mechanical
                  Engineering}, 
  journal = 	 {Proceedings of the Institution of Mechanical
                  Engineers, Part C: Journal of Mechanical Engineering
                  Science}, 
  year = 	 {2016},
  pages = {2345-2362},
  volume = {230},
number = {14}
}

@InProceedings{bg:idetc2015,
  author = 	 {David C. Post and Bill Goodwine and James
                  P. Schmiedeler}, 
  title = 	 {Quantifying Control Authority in Periodic Motions of
                  Underactuated Mobile Robots},  
  booktitle = {Proceedings of the ASME 2015 International Design
                  Engineering Technical Conferences \& Computers and
                  Information in Engineering Conference}, 
  year = 	 {2015},
  note = fpr,
  annote = 	 {DOI: DETC2015-47666},
  address = {Boston, Massachusetts, USA}
}

@InProceedings{bg:icra2015,
  author = 	 {Ashley Nettleman and Bill Goodwine},
  title = 	 {Symmetries and Reduction for Multi-Agent Control},
  booktitle = icra,
  year = 	 {2015},
  pages = 	 {5390-5396},
  note = fpr,
  address = {Seattle, Washington, USA},
  annote = {DOI: 10.1109/ICRA.2015.7139952}
}

@InProceedings{bg:icarcv2015,
  author = 	 {Bill Goodwine},
  title = 	 {Fractional-Order Dynamics in a Random, Approximately Scale-Free Network of Agents},
  booktitle = icarcv,
  year = 	 {2014},
  pages = 	 {1581-1586},
  note = fpr,
  address = {Singapore},
  annote = {DOI: 10.1109/ICARCV.2014.7064551}
}

@InProceedings{bg:ifac2014,
  author = 	 {Bill Goodwine},
  title = 	 {Nonlinear Stability of Approximately Symmetric Large-Scale Systems},
  booktitle = ifac,
  year = 	 {2014},
  pages = 	 {845-850},
  address = 	 {Cape Town, South Africa},
  note = fpr,
  annnote = 	 {DOI: 10.3182/20140824-6-ZA-1003.02082},
}

@InProceedings{bg:mtns2014,
  author = 	 {Ashley Nettleman and Bill Goodwine},
  title = 	 {Symmetries of Multiagent Systems and Formation Stability},
  booktitle = mtns,
  year = 	 {2014},
  pages = 	 {1340-1343},
  address = {Groningen, The Netherlands},
  note = 	 {Extended abstract review},
}

@InProceedings{bg:med2014,
  author = 	 {Bill Goodwine},
  title = 	 {Compositional Boundedness of Solutions for Symmetric Nonautonomous Control Systems},
  booktitle = med,
  year = 	 {2014},
  pages = 	 {798-803},
  address = 	 {Palermo, Italy},
  note = 	 fpr,
  annote = 	 {DOI: 10.1109/MED.2014.6961471}
}

@InProceedings{bg:icra2014,
  author = 	 {Bill Goodwine},
  title = 	 {Modeling a Multi-Robot System with Fractional-Order Differential Equations},
  booktitle = icra,
  year = 	 {2014},
  pages = 	 {1763-1768},
  address = 	 {Hong Kong},
  note = 	 fpr,
  annote = 	 {DOI: 10.1109/ICRA.2014.6907089}
}

@Article{bg:automatica2013,
  author = 	 {Bill Goodwine and Panos Antsaklis},
  title = 	 {Multi-agent compositional stability exploiting system symmetries},
  journal = 	 {Automatica},
  year = 	 {2013},
  volume = 	 {49},
  number = 	 {11},
  pages = 	 {3158-3166},
  annote = 	 {DIO: 10.1016/j.automatica.2013.07.003 }
}

@Article{bg:ejc2013,
  author = 	 {Panos J Antsaklis and Bill Goodwine and Vijay Gupta and Michael J. McCourt and Yue Wang and Po Wu and Meng Xia and Han Yu and Feng Zhu},
  title = 	 {Control of cyberphysical systems using passivity and dissipativity based methods},
  journal = 	 {European Journal of Control},
  year = 	 {2013},
  volume = 	 {19},
  number = 	 {5},
  pages = 	 {379-388},
  annote = 	 {DOI: 10.1016/j.ejcon.2013.05.018}
}

@InProceedings{bg:med2013a,
  author = 	 {Bill Goodwine},
  title = 	 {Compositional stability of approximately symmetric systems: Initial results},
  booktitle = med,
  year = 	 {2013},
    address = 	 {Chania, Crete, Greece},
  pages = 	 {1470-1476},
  note = fpr,
  annote = 	 {DOI: 10.1109/MED.2013.6608915}
}

@InProceedings{bg:med2013b,
  author = 	 {Jason Nightingale and Bill Goodwine},
  title = 	 {An algorithm for stopping a class of underactuated nonlinear mechanical robotic systems},
  booktitle = med,
  year = 	 {2013},
  pages = 	 {531-536},
  address = 	 {Chania, Crete, Greece},
  note = fpr,
  annote = 	 {DOI: 10.1109/MED.2013.6608773}
}

@Article{bg:aiaa2013,
  author = 	 {Alice M. Nightingale and Bill Goodwine and Michael Lemmon and Eric Jumper},
  title = 	 {Phase-Locked-Loop Adaptive-Optic Controller and Simulated Shear Layer Correction},
  journal = 	 {AIAA Journal},
  year = 	 {2013},
  volume = 	 {51},
  number = 	 {11},
  pages = 	 {2714-2726},
  annote = 	 {DOI: 10.2514/1.J052425}
}

@InProceedings{bg:cdio2012,
  author = 	 {John Gallagher and Bill Goodwine},
  title = 	 {CDIO-Oriented Inverted Pendulum Control Project for Undergraduate Engineering Students},
  booktitle = {Proceedings of the CDIO International Conference},
  year = 	 {2012},
  address = 	 {Brisbane, Australia},
  note = 	 fpr,
  OPTannote = 	 {}
}

@InProceedings{bg:med2012,
  author = 	 {Michael O'Connor and Bill Goodwine},
  title = 	 {Symmetry-Breaking in Bifurcations of Optimal Solutions for Coordinated Nonholonomic Robotic Control},
  booktitle = med,
  year = 	 {2012},
  pages = 	 {1554-1559},
  address = 	 {Barcelona, Spain},
  note = 	 fpr,
  annote = 	 {DOI: 10.1109/MED.2012.6265860}
}

@Article{bg:ieee2012,
  author = 	 {Janos Sztipanovits and Xenofon Koutsoukos and Gabor Karsai and Nicholas Kottenstette and Panos Antsaklis and Vijay Gupta and Bill Goodwine and John Baras and Shige Wang},
  title = 	 {Toward a science of cyberâphysical system integration},
  journal = 	 {Proceedings of the IEEE},
  year = 	 {2012},
  volume = 	 {100},
  number = 	 {1},
  pages = 	 {29-44},
  annote = 	 {DOI: 10.1109/JPROC.2011.2161529}
}

@InProceedings{bg:icra2011,
  author = 	 {Bill Goodwine and Panos Antsaklis},
  title = 	 {Fault-Tolerant Multiagent Robotic Formation Control Exploiting System Symmetries},
  booktitle = icra,
  year = 	 {2011},
  pages = 	 {2872-2877},
  address = 	 {Shanghai, China},
  note = 	 fpr,
  annote = 	 {DOI: 10.1109/ICRA.2011.5980193}
}

@InProceedings{bg:ifac2011,
  author = 	 {Joel Jimenez-Lozano and Bill Goodwine},
  title = 	 {Nonlinear Disturbance Decoupling for a Mobile Robotic Manipulator over Uneven Terrain},
  booktitle = ifac,
  year = 	 {2011},
  volume = 	 {18},
  pages = 	 {6930-6936},
  address = 	 {Milan, Italy},
  note = 	 {DOI: 10.3182/20110828-6-IT-1002.00566},
}

@Article{bg:datamining2011,
  author = 	 {Dayu Lv and Bill Goodwine},
  title = 	 {Pancreas Modelling by a Deterministic Optimization Method},
  journal = 	 {International Journal of Data Mining and Bioinformatics},
  year = 	 {2011},
  volume = 	 {5},
  number = 	 {3},
  pages = 	 {308-320},
  annote = 	 {DOI: 10.1504/IJDMB.2011.040386}
}

@InProceedings{bg:iros2010,
  author = 	 {Neil Petroff and Bill Goodwine},
  title = 	 {Nonholonomic and Stratified Robotic Manipulation Supplemented with Fuzzy Control: Theory and Experiment},
  booktitle = iros,
  year = 	 {2010},
  pages = 	 {1202-1208},
  address = 	 {Taipei, Taiwan},
  note = 	 fpr,
  annote = 	 {DOI: 10.1109/IROS.2010.5651891}
}

@InProceedings{bg:acc2010,
  author = 	 {Bill Goodwine and Panos Antsaklis},
  title = 	 {Multiagent Coordination Exploiting System Symmetries},
  booktitle = acc,
  year = 	 {2010},
  pages = 	 {830-835},
  address = 	 {Baltimore, MD},
  note = 	fpr,
  annote = 	 {DOI: 10.1109/ACC.2010.5530737}
}

@InProceedings{bg:icra2010a,
  author = 	 {Baoyang Deng and Andr\'es K. Valenzuela and Bill Goodwine},
  title = 	 {Bifurcations of Optimal Solutions for Coordinated Robotic Systems: Numerical and Homotopy Methods},
  booktitle = icra,
  year = 	 {2010},
  pages = 	 {4475-4480},
  address = 	 {Anchorage, AK},
  note = 	 fpr,
  annote = 	 {DOI: 10.1109/ROBOT.2010.5509735}
}

@InProceedings{bg:icra2010b,
  author = 	 {Bill Goodwine and Jason Nightingale},
  title = 	 {The Effect of Dynamic Singularities on Robotic Control and Design},
  booktitle = icra,
  year = 	 {2010},
  pages = 	 {5213-5218},
  address = 	 {Anchorage, AK},
  note = 	 fpr,
  annote = 	 {DOI: 10.1109/ROBOT.2010.5509738}
}

@InProceedings{bg:bibm2009,
  author = 	 {Dayu Lv and Bill Goodwine},
  title = 	 {Pancreas Modeling from IVGTT Data Using a Deterministic Optimal Search},
  booktitle = {Proceedings of the IEEE Conference on Bioinformatics and Biomedicine (BIBM)},
  year = 	 {2009},
  pages = 	 {303-308},
  address = 	 {Washington, DC},
  note = 	 fpr,
  annote = 	 {DOI: 10.1109/BIBM.2009.56}
}


@InBook{bg:wafr2009,
  editor = 	 {Gregory S. Chirikjian and Howie Choset and Marco Morales and Todd Murphey},
  title = 	 {Algorithmic Foundation of Robotics VIII},
  chapter = 	 {A Stopping Algorithm for Mechanical Systems},
  publisher = 	 {Springer Berlin Heidelberg},
  year = 	 {2010},
  volume = 	 {57},
  series = 	 {Springer Tracts in Advanced Robotics},
  pages = 	 {167-180},
  note = 	 fpr,
  annote = 	 {DOI: 10.1007/978-3-642-00312-7_11}
}

@InProceedings{bg:ifac2008,
  author = 	 {Jason Nightingale and Richard Hind and Bill Goodwine},
  title = 	 {Geometric analysis of a class of constrained mechanical control systems in the nonzero velocity setting},
  booktitle = ifac,
  year = {2008},
  pages = 	 {1171-1176},
  address = 	 {Seoul, South Korea},
  note = fpr,
  annote = 	 {DOI: 10.3182/20080706-5-KR-1001.00202},
}

@InProceedings{bg:bibm2010,
  author = 	 {Dayu Lv and Bill Goodwine},
  title = 	 {Modeling of glucose transport in skeletal muscle},
  booktitle = {Proceedings of the IEEE International Conference on Bioinformatics and Biomedicine Workshops (BIBMW)},
  year = 	 {2010},
  pages = 	 {833-833},
  address = 	 {Hong Kong, China},
  note = 	 fpr,
  annote = 	 {DOI: 10.1109/BIBMW.2010.5703931}
}

@InProceedings{bg:icra2008,
  author = 	 {Jason Nightingale and Richard Hind and Bill Goodwine},
  title = 	 {Intrinsic Vector-Valued Symmetric Form for Simple Mechanical Control Systems in the Nonzero Velocity Setting},
  booktitle = icra,
  year = 	 {2008},
  pages = 	 {2435-2440},
  address = 	 {Pasadena, CA},
  note = 	 fpr,
  annote = 	 {DOI: 10.1109/ROBOT.2008.4543578}
}

@InProceedings{bg:bibm2008,
  author = 	 {Dayu Lv and Bill Goodwine},
  title = 	 {A New Metabolism Model for Human Skeletal Muscle},
  booktitle = {Proceedings of the IEEE International Conference on Biomedical Electronics and Devices},
  year = 	 {2008},
  pages = 	 {238-243},
  address = 	 {Funchal, Madeira, Portugal},
}

@Article{bg:ijrr2007,
  author = 	 {M. Brett McMickell and Bill Goodwine},
  title = 	 {Motion Planning for Nonlinear Symmetric Distributed Robotic Formations},
  journal = 	 ijrr,
  year = 	 {2007},
  volume = 	 {27},
  number = 	 {10},
  pages = 	 {1025-1041},
  annote = 	 {DOI: 10.1177/0278364907082097}
}

@InProceedings{bg:plasma2008,
  author = 	 {Alice Nightingale and Benson Mitchell and Bill Goodwine and Eric Jumper},
  title = 	 {``{F}eedforward'' Adaptive-Optic Mitigation of Aero-Optic Disturbances},
  booktitle = plasma,
  year = 	 {2008},
  pages = 	 {AIAA 2008-4211},
  address = 	 {Seattle, WA},
  annote = 	 {DOI: 10.2514/6.2008-4211}
}

@InProceedings{bg:plasma2007,
  author = 	 {Alice Nightingale and Bill Goodwine and Michael Lemmon and Eric Jumper},
  title = 	 {``{F}eedforward'' Adaptive-Optic System Identification Analysis for Mitigating Aero-Optic Disturbances},
  booktitle = plasma,
  year = 	 {2007},
  OPTpages = 	 {AIAA 2007-4013},
  address = 	 {Miami, FL},
  annote = 	 {DOI: 10.2514/6.2007-4013}
}

@InProceedings{bg:plasma2006,
  author = 	 {Alice Nightingale and Daniel Duffin and Michael Lemmon and Bill Goodwine and Eric Jumper},
  title = 	 {Adaptive-Optic Correction of a Regularized Compressible Shear Layer},
  booktitle = plasma,
  year = 	 {2006},
  OPTpages = 	 {AIAA 2006-3072},
  address = 	 {San Francisco, CA},
  annote = 	 {DOI: 10.2514/6.2006-3072}
}

@InProceedings{bg:plasma2005,
  author = 	 {Alice Nightingale and Stanislav Gordeyev and Eric Jumper and Bill Goodwine and John Siegenthaler},
  title = 	 {Regularizing Shear Layer for Adaptive Optics Control Applications},
  booktitle = plasma,
  year = 	 {2005},
  OPTpages = 	 {AIAA 2005-4774},
  address = 	 {Toronto, Canada},
  annote = 	 {DOI: 10.2514/6.2005-4774}
}

@Article{bg:tra2004,
  author = 	 {Yejun Wei and Bill Goodwine},
  title = 	 {Stratified motion planning on nonsmooth domains with robotic applications},
  journal = 	 {IEEE Transactions on Robotics and Automation},
  year = 	 {2004},
  volume = 	 {20},
  number = 	 {1},
  pages = 	 {128-132},
  annote = 	 {DOI: 10.1109/TRA.2003.820874}
}

@InProceedings{bg:iftomm2004,
  author = 	 {Yejun Wei and Bill Goodwine and Steven B. Skaar},
  title = 	 {Kinematics of Vision-Based Stratified Robotic Manipulation},
  booktitle = iftomm,
  year = 	 {2004},
  pages = 	 {1900-1905},
  address = 	 {Tianjin, China},
}

@Article{bg:ijhmt2004a,
  author = 	 {Sorour Alotaibi and Mihir Sen and Bill Goodwine and K.T. Yang},
  title = 	 {Flow-based control of temperature in long ducts},
  journal = 	 {International Journal of Heat and Mass Transfer},
  year = 	 {2004},
  volume = 	 {47},
  number = 	 {23},
  pages = 	 {4995-5009},
  annote = 	 {DOI: 10.1016/j.ijheatmasstransfer.2004.06.017}
}

@Article{bg:ijc2003,
  author = 	 {M. Brett McMickell and Bill Goodwine},
  title = 	 {Reduction and Controllability of Nonlinear Symmetric Distributed Systems},
  journal = 	 {International Journal of Control},
  year = 	 {2003},
  volume = 	 {76},
  number = 	 {18},
  pages = 	 {1809-1822},
  annote = 	 {DOI: 10.1080/00207170310001633277}
}

@InProceedings{bg:icra2003a,
  author = 	 {M. Brett McMickell and Bill Goodwine},
  title = 	 {Reduced order motion planning for nonlinear symmetric distributed robotic systems},
  booktitle = icra,
  year = 	 {2003},
  pages = 	 {4228-4233},
  address = 	 {Taipei, Taiwan},
  note = 	 fpr,
  annote = 	 {DOI: 10.1109/ROBOT.2003.1242253}
}

@Article{bg:ijhmt2004b,
  author = 	 {Sorour Alotaibi and Mihir Sen and Bill Goodwine and K.T. Yang},
  title = 	 {Controllability of Cross-Flow Heat Exchangers},
  journal = 	 {International Journal of Heat and Mass Transfer},
  year = 	 {2004},
  volume = 	 {47},
  number = 	 {5},
  pages = 	 {913-924},
  nnote = 	 {DOI: 10.1016/j.ijheatmasstransfer.2003.08.021}
}

@InProceedings{bg:icra2003b,
  author = 	 {M. Brett McMickell and Bill Goodwine},
  title = 	 {MICAbot: A Platform for Large Scale Coordinated Distributed Mobile Robot Control},
  booktitle = icra,
  year = 	 {2003},
  pages = 	 {1600-1605},
  address = 	 {Taipei, Taiwan},
  note = 	 fpr,
  annote = 	 {DOI: 10.1109/ROBOT.2003.1241823}
}

@InProceedings{bg:heatconf2003,
  author = 	 {S. Alotaibi and J.W. Goodwine and M. Sen and K.T. Yang},
  title = 	 {Controllability of conductive-convective systems},
  booktitle = {Proceedings of the 6th ASME-JSME Thermal Engineering Joint Conference},
  year = 	 {2003},
  pages = 	 {1-6},
  address = 	 {Kohala Coast, Hawaii Island, HI},
  }

@Article{bg:ijrr2003,
  author = 	 {Antonio Cardenas and Bill Goodwine and Steven B. Skaar and Michael Seelinger},
  title = 	 {Vision-Based Control of a Mobile Base and On-Board Arm},
  journal = 	 ijrr,
  year = 	 {2003},
  volume = 	 {22},
  number = 	 {9},
  pages = 	 {677-698},
  annote = 	 {DOI: 10.1177/02783649030229001}
}

@InProceedings{bg:icarcv2002,
  author = 	 {Yejun Wei and Bill Goodwine},
  title = 	 {Vision-Based Non-Smooth Kinematic Stratified Object Manipulation},
  booktitle = icarcv,
  year = 	 {2002},
  pages = 	 {360-365},
  address = {Singapore},
  annote = 	 {DOI: 10.1109/ICARCV.2002.1234848}
}

@InProceedings{bg:iros2002,
  author = 	 {Yejun Wei and Steven B. Skaar and Bill Goodwine},
  title = 	 {Vision-based stratified robotic manipulation},
  booktitle = iros,
  year = 	 {2002},
  pages = 	 {1638-1644},
  address = 	 {Lausanne, Switzerland},
  note = 	 fpr,
  annote = 	 {DOI: 10.1109/IRDS.2002.1043990}
}

@InProceedings{bg:asee2002,
  author = 	 {Stephen Batill and Steven  Skaar and Mihir Sen and James Mason and Robert Nelson and William Goodwine},
  title = 	 {Development Of A Curriculum For Mechanical Engineering Based Upon Intelligent Systems And Automation},
  booktitle = {American Society for Engineering Education Annual Conference and Exposition},
  year = 	 {2002},
  pages = 	 {7.407.1-7.407.15},
  address = 	 {Montreal, Canada},
}

@Article{bg:nht2002,
  author = 	 {Sorour Alotaibi and Mihir Sen and Bill Goodwine and K.T. Yang},
  title = 	 {Numerical simulation of the thermal control of heat exchangers},
  journal = 	 {Numerical Heat Transfer Part A -- Applications},
  year = 	 {2002},
  volume = 	 {41},
  number = 	 {3},
  pages = 	 {229-244},
  annote = 	 {DOI: 10.1080/10407780252780144}
}

@Article{bg:tra2002,
  author = 	 {Bill Goodwine and Joel Burdick},
  title = 	 {Motion planning for kinematic stratified systems with application to quasi-static legged locomotion and finger gaiting},
  journal = 	 {IEEE Transactions on Robotics and Automation},
  year = 	 {2002},
  volume = 	 {18},
  number = 	 {2},
  pages = 	 {209-222},
  annote = 	 {DOI: 10.1109/TRA.2002.999649}
}

@InProceedings{bg:icra2002a,
  author = 	 {M. Brett McMickell and Bill Goodwine},
  title = 	 {Reduction and nonlinear controllability of symmetric distributed robotic systems with drift},
  booktitle = icra,
  year = 	 {2002},
  pages = 	 {3454-3460},
  address = 	 {Washington, DC},
  note = 	 fpr,
  annote = 	 {DOI: 10.1109/ROBOT.2002.1014245}
}

@InProceedings{bg:icra2002b,
  author = 	 {Yejun Wei and Bill Goodwine},
  title = 	 {Stratified motion planning on non-smooth domains with application to robotic legged locomotion and manipulation},
  booktitle = icra,
  year = 	 {2002},
  pages = 	 {3546-3552},
  address = 	 {Washington, DC},
  note = 	 fpr,
  annote = 	 {DOI: 10.1109/ROBOT.2002.1014259}
}

@Article{bg:asme,
  author = 	 {Bill Goodwine and Milos Zefran},
  title = 	 {Feedback stabilization of a class of unstable nonholonomic systems},
  journal = 	 {Journal of Dynamic Systems, Measurement, and Control},
  year = 	 {2002},
  volume = 	 {124},
  number = 	 {1},
  pages = 	 {221-230},
  annote = 	 {DOI: 10.1115/1.1433479}
}

@InProceedings{bg:iros2001a,
  author = 	 {M. Brett McMickell and Bill Goodwine},
  title = 	 {Reduction and nonlinear controllability of symmetric distributed systems with robotic applications},
  booktitle = iros,
  year = 	 {2001},
  pages = 	 {1232-1237},
  address = 	 {Maui, HI},
  note = 	 fpr,
  annote = 	 {DOI: 10.1109/IROS.2001.977151}
}

@InProceedings{bg:htc2001,
  author = 	 {Sorour Alotaibi and Mihir Sen and Bill Goodwine and K.T. Yang},
  title = 	 {Thermal Control of Heat Exchangers},
  booktitle = {Proceedings of the 35th National Heat Transfer Conference},
  year = 	 {2001},
  address = 	 {Anaheim, CA},
  annote = 	 {NHTC01-12517}
}

@InProceedings{bg:icra2001,
  author = 	 {Yejun Wei and Bill Goodwine},
  title = 	 {Theoretical and experimental investigation of stratified robotic finger gaiting},
  booktitle = icra,
  year = 	 {2001},
  pages = 	 {2811-2817},
  address = 	 {Seoul, South Kora},
  note = 	 fpr,
  annote = 	 {DOI: 10.1109/ROBOT.2001.933048}
}

@Article{bg:tac2001,
  author = 	 {Bill Goodwine and Joel Burdick},
  title = 	 {Controllability of kinematic control systems on stratified configuration spaces},
  journal = 	 {IEEE Transactions on Automatic Control},
  year = 	 {2001},
  volume = 	 {46},
  number = 	 {3},
  pages = 	 {358-368},
  annote = 	 {DOI: 10.1109/9.911414}
}


@Article{bg:jvc2000,
  author = 	 {Bill Goodwine and Gabor Stepan},
  title = 	 {Controlling unstable rolling phenomena},
  journal = 	 {Journal of Vibration and Control},
  year = 	 {2000},
  volume = 	 {6},
  number = 	 {1},
  pages = 	 {137-158},
  annote = 	 {DOI: 10.1177/107754630000600107}
}

@InProceedings{bg:sci,
  author = 	 {Qun Ma and Antonio Cardenas and Mike Seelinger and Bill Goodwine and Steven Skaar},
  title = 	 {Supervisory Control of a Mobile Robot Using Point-and-Click Mobile Camera-Space Manipulation},
  booktitle = {Proceedings of the World Multiconference on Systemics, Cybernetics and Informatics (SCI) and The 6th International Conference on Information Systems, Analysis and Synthesis (ISAS)},
  year = 	 {2000},
  address = 	 {Orlando, FL},
}

@InProceedings{bg:allerton2000,
  author = 	 {Bill Goodwine and Yejun Wei},
  title = 	 {Theoretical and Experimental Investigation of Stratified Robotic Finger Gaiting and Manipulation},
  booktitle = {Proceedings of the Allerton Conference on Communication, Control and Computing},
  year = 	 {2000},
  address = 	 {Allerton, IL},
}

@InProceedings{bg:wafr2001,
  author = 	 {Bill Goodwine and Joel Burdick},
  title = 	 {Motion Planning for Kinematic Stratified Systems with application to Quasi-Static Legged Locomotion and Finger Gaiting},
  booktitle = {Algorithmic and Computational Robotics: New Directions: The Fourth Workshop on the Algorithmic Foundations of Robotics},
  year = 	 {2001},
  editor = 	 {Daniela Rus},
  note = 	 fpr,
}

@InProceedings{bg:ifac1999,
  author = 	 {Bill Goodwine and Joel Burdick},
  title = 	 {Stratified Motion Planning with Application to Robotic Finger Gaiting},
  booktitle = ifac,
  year = 	 {1999},
  address = 	 {Beijing, China},
  note = 	 fpr,
}

@InProceedings{bg:siam1999,
  author = 	 {Gabor Stepan and Bill Goodwine},
  title = 	 {Analysis and Control of Unstable Rolling Wheel Dynamics},
  booktitle = {SIAM Conference on Applications of Dynamical Systems},
  year = 	 {1999},
  address = 	 {Snowbird, UT},
}

@InProceedings{bg:siam2013,
  author = 	 {Bill Goodwine},
  title = 	 {Symmetries and Compositionality for Control in Complex Cyber-Physical Systems},
  booktitle = {SIAM Conference on Applications of Dynamical Systems},
  year = 	 {2013},
  address = 	 {Snowbird, UT},
}

@InProceedings{bg:fsr1999,
  author = 	 {Bill Goodwine and Michael Seelinger and John-David Yoder and Qun Ma and Steven Skaar},
  title = 	 {Applications of mobile camera-space manipulation},
  booktitle = {Proceedings of Field and Service Robotics},
  year = 	 {1999},
  pages = 	 {102-113},
  address = 	 {Pittsburg, PA},
}

@InProceedings{bg:iftomm1999,
  author = 	 {Bill Goodwine},
  title = 	 {Stratified Motion Planning with Application to Robotic Finger Gaiting},
  booktitle = iftomm,
  year = 	 {1999},
  pages = 	 {1021-1026},
  address = 	 {Oulu, Finland},

}

@InProceedings{bg:hungary1998,
  author = 	 {Bill Goodwine and Gabor Stepan},
  title = 	 {Stabilizing Switching Controllers},
  booktitle = {Conference on Numerical Mathematics and Computational Mechanics},
  year = 	 {1998},
  address = 	 {Miskolc, Hungary},
  OPTorganization = {},
  OPTpublisher = {},
  note = 	 {Abstract review},
  OPTannote = 	 {}
}

@InProceedings{bg:spie1998,
  author = 	 {Bill Goodwine and Michael Seelinger and Steven B. Skaar and Qun Ma},
  title = 	 {Nonholonomic Camera Space Manipulation using Cameras Mounted on a Mobile Base},
  booktitle = {Proceedings of the SPIE conference on Sensor Fusion and Decentralized Control in Robotic Systems},
  year = 	 {1998},
  address = 	 {Boston, MA},
  note = 	 {Abstract review},
  OPTannote = 	 {}
}

@InProceedings{bg:icra1998,
  author = 	 {Bill Goodwine and Joel Burdick},
  title = 	 {Gait controllability for legged robots},
  booktitle = icra,
  year = 	 {1998},
  pages = 	 {484-489},
  address = 	 {Leuven, Belgium},
  note = 	 fpr,
  annote = 	 {DOI: 10.1109/ROBOT.1998.677021}
}

@PhdThesis{bg:thesis,
  author = 	 {Bill Goodwine},
  title = 	 {Control of Stratified Systems with Robotic Applications},
  school = 	 {California Institute of Technology},
  year = 	 {1997},
}

@InProceedings{bg:icra1997,
  author = 	 {Bill Goodwine and Joel Burdick},
  title = 	 {Trajectory generation for kinematic legged robots},
  booktitle = icra,
  year = 	 {1997},
  pages = 	 {2689-2696},
  address = 	 {Albuquerque, NM},
  note = 	 fpr,
  annote = 	 {DOI: 10.1109/ROBOT.1997.619367}
}

@InProceedings{bg:kajita1997,
  author = 	 {Shuuji Kajita and Bill Goodwine and Joel Burdick},
  title = 	 {Walking Direction Control of a Biped Robot with Point Feet Using Dynamic Effects in 3-D Space},
  booktitle = {Proceedings of the 1997 Robotics Society of Japan Conference},
  year = 	 {1997},
  address = 	 {Tokyo, Japan},
  note = 	 {In Japanese},
}

@InProceedings{bg:mtns1996,
  author = 	 {Bill Goodwine and Joel Burdick},
  title = 	 {Controllability of Kinematic Control Systems on Stratified Configuration Spaces},
  booktitle = mtns,
  year = 	 {1996},
  address = 	 {St. Louis, MO},
  note = 	 fpr,
}

@InProceedings{bg:cdc1996,
  author = 	 {Bill Goodwine and Joel Burdick},
  title = 	 {Controllability with unilateral control inputs},
  booktitle = {Proceedings of the IEEE Conference on Decision and Control},
  year = 	 {1996},
  pages = 	 {3394-3399},
  address = 	 {Kobe, Japan},
  note = 	 fpr,
  annote = 	 {DOI: 10.1109/CDC.1996.573682}
}

@InProceedings{bg:enoc1996,
  author = 	 {Bill Goodwine and Gabor Stepan},
  title = 	 {Stabilization of the Classical Shimmying Wheel},
  booktitle = {Proceedings of the 2nd European Nonlinear Oscillations Conference},
  year = 	 {1996},
  address = 	 {Prague, Czech Republic},
  OPTnote = 	 {},
  OPTannote = 	 {}
}

@Article{bg:hjlpp1991,
  author = 	 {J William Goodwine Jr},
  title = 	 {Abortion Parental Notification Statutes: Hodgson v. Minnesota, 110 S. Ct. 2926 (1990) and Ohio v. Akron Center for Reproductive Health},
  journal = 	 {Harvard Journal of Law and Public Policy},
  year = 	 {1991},
  pages = 	 {237-247},
  note = 	 {Recent Developments article},
  OPTannote = 	 {}
}

@InProceedings{bg:icarcv2010,
  author = 	 {Joel Jimenez-Lozano and Bill Goodwine},
  title = 	 {Nonlinear disturbance decoupling for a nonholonomic mobile robotic manipulation platform},
  booktitle = icarcv,
  year = 	 {2010},
  pages = 	 {1530--1535},
  address = 	 {Singapore},
  annote = 	 {DOI: 10.1109/ICARCV.2010.5707914}
}


