@book{Biggs1976Graph,
publisher = {Clarendon Press},
isbn = {0198539010},
year = {1976},
title = {Graph theory 1736-1936},
language = {eng},
address = {Oxford},
author = {Biggs, Norman L. and Lloyd, E. Keith and Wilson, Robin J.},
keywords = {Graph theory -- History -- Sources},
lccn = {76379235},
}

@article{Newman2003The,
author = {Newman, Mark E. J.},
title = {The Structure and Function of Complex Networks},
journal = {SIAM Review},
volume = {45},
number = {2},
pages = {167-256},
year = {2003},
doi = {10.1137/S003614450342480},
URL = {https://doi.org/10.1137/S003614450342480},
eprint = {https://doi.org/10.1137/S003614450342480}
}

@book{Bejan2007ConstructalTheory,
  title={Constructal theory of social dynamics},
  author={Bejan, Adrian and Merkx, Gilbert W.},
  year={2007},
  publisher={Springer},
  doi={10.1007/978-0-387-47681-0}
}

@book{Huberman2001The,
publisher = {MIT Press},
isbn = {0262083035},
year = {2001},
title = {The laws of the Web : patterns in the ecology of information},
language = {eng},
address = {Cambridge, Mass.},
author = {Huberman, Bernardo A.},
keywords = {Internet searching},
lccn = {2001032621}
}

@ARTICLE{Ran2016Rethinking,
  author={Shaowei {Wang} and Chen {Ran}},
  journal={IEEE Wireless Communications}, 
  title={Rethinking cellular network planning and optimization}, 
  year={2016},
  volume={23},
  number={2},
  pages={118-125},
  doi={10.1109/MWC.2016.7462493}
}

@Article{Stelling2002Metabolic,
author={Stelling, J{\"o}rg
and Klamt, Steffen
and Bettenbrock, Katja
and Schuster, Stefan
and Gilles, Ernst Dieter},
title={Metabolic network structure determines key aspects of functionality and regulation},
journal={Nature},
year={2002},
month={Nov},
day={01},
volume={420},
number={6912},
pages={190-193},
issn={1476-4687},
doi={10.1038/nature01166},
url={https://doi.org/10.1038/nature01166}
}

@article{Erdos1960On,
  title={On the evolution of random graphs},
  author={Erd{\H{o}}s, Paul and R{\'e}nyi, Alfr{\'e}d},
  journal={Publ. Math. Inst. Hung. Acad. Sci},
  volume={5},
  number={1},
  pages={17--60},
  year={1960}
}

@article{Frank1986Markov,
author = {Ove Frank and David Strauss},
title = {Markov Graphs},
journal = {Journal of the American Statistical Association},
volume = {81},
number = {395},
pages = {832-842},
year  = {1986},
publisher = {Taylor & Francis},
doi = {10.1080/01621459.1986.10478342},
eprint = {https://www.tandfonline.com/doi/pdf/10.1080/01621459.1986.10478342}
}

@Article{Watts1998Collective,
author={Watts, Duncan J.
and Strogatz, Steven H.},
title={Collective dynamics of `small-world' networks},
journal={Nature},
year={1998},
month={Jun},
day={01},
volume={393},
number={6684},
pages={440-442},
issn={1476-4687},
doi={10.1038/30918},
url={https://doi.org/10.1038/30918}
}

@article {Barabasi1999Emergence,
	author = {Barab{\'a}si, Albert-L{\'a}szl{\'o} and Albert, R{\'e}ka},
	title = {Emergence of Scaling in Random Networks},
	volume = {286},
	number = {5439},
	pages = {509--512},
	year = {1999},
	doi = {10.1126/science.286.5439.509},
	publisher = {American Association for the Advancement of Science},
	issn = {0036-8075},
	URL = {https://science.sciencemag.org/content/286/5439/509},
	eprint = {https://science.sciencemag.org/content/286/5439/509.full.pdf},
	journal = {Science}
}

@article{Pastor2015Epidemic,
  title = {Epidemic processes in complex networks},
  author = {Pastor-Satorras, Romualdo and Castellano, Claudio and Van Mieghem, Piet and Vespignani, Alessandro},
  journal = {Rev. Mod. Phys.},
  volume = {87},
  issue = {3},
  pages = {925--979},
  numpages = {55},
  year = {2015},
  month = {Aug},
  publisher = {American Physical Society},
  doi = {10.1103/RevModPhys.87.925},
  url = {https://link.aps.org/doi/10.1103/RevModPhys.87.925}
}

@article{Chen2019On,
url = {http://dx.doi.org/10.1561/2600000019},
year = {2019},
volume = {6},
journal = {Foundations and Trends in Systems and Control},
title = {On the Control of Multi-Agent Systems: A Survey},
doi = {10.1561/2600000019},
issn = {2325-6818},
number = {4},
pages = {339-499},
author = {Fei Chen and Wei Ren}
}

@INPROCEEDINGS{Ren2005A,
  author={ Wei {Ren} and Randal W. {Beard} and Ella M. {Atkins}},
  booktitle={Proceedings of the 2005, American Control Conference, 2005.}, 
  title={A survey of consensus problems in multi-agent coordination}, 
  year={2005},
  volume={},
  number={},
  pages={1859-1864 vol. 3},
  doi={10.1109/ACC.2005.1470239}
}

@ARTICLE{Choi2009Consensus,
  author={Han-Lim {Choi} and Luc {Brunet} and Jonathan P. {How}},
  journal={IEEE Transactions on Robotics}, 
  title={Consensus-Based Decentralized Auctions for Robust Task Allocation}, 
  year={2009},
  volume={25},
  number={4},
  pages={912-926},
  doi={10.1109/TRO.2009.2022423}
}

@ARTICLE{Aragues2012Distributed,
  author={Rosario {Aragues} and Jorge {Cortes} and Carlos {Sagues}},
  journal={IEEE Transactions on Robotics}, 
  title={Distributed Consensus on Robot Networks for Dynamically Merging Feature-Based Maps}, 
  year={2012},
  volume={28},
  number={4},
  pages={840-854},
  doi={10.1109/TRO.2012.2192012}
}

@inproceedings{Rubenstein2013Collective,
  title={Collective transport of complex objects by simple robots: theory and experiments},
  author={Rubenstein, Michael and Cabrera, Adrian and Werfel, Justin and Habibi, Golnaz and McLurkin, James and Nagpal, Radhika},
  booktitle={Proceedings of the 2013 international conference on Autonomous agents and multi-agent systems},
  pages={47--54},
  year={2013}
}

@article{Schenato2011Average,
title = "Average TimeSynch: A consensus-based protocol for clock synchronization in wireless sensor networks",
journal = "Automatica",
volume = "47",
number = "9",
pages = "1878 - 1886",
year = "2011",
issn = "0005-1098",
doi = "https://doi.org/10.1016/j.automatica.2011.06.012",
author = "Luca Schenato and Federico Fiorentin"
}

@inproceedings{Spanos2005Distributed,
  title={Distributed sensor fusion using dynamic consensus},
  author={Spanos, Demetri P. and Olfati-Saber, Reza and Murray, Richard M.},
  booktitle={IFAC World Congress},
  year={2005},
  organization={Citeseer}
}

@ARTICLE{Simonetto2014Distributed,
  author={Andrea {Simonetto} and Geert {Leus}},
  journal={IEEE Transactions on Signal Processing}, 
  title={Distributed Maximum Likelihood Sensor Network Localization}, 
  year={2014},
  volume={62},
  number={6},
  pages={1424-1437},
  doi={10.1109/TSP.2014.2302746}
}

@article{Forero2010Consensus,
  title={Consensus-Based Distributed Support Vector Machines.},
  author={Forero, Pedro A. and Cano, Alfonso and Giannakis, Georgios B.},
  journal={Journal of Machine Learning Research},
  volume={11},
  number={5},
  year={2010}
}

@INPROCEEDINGS{Hatanaka2017Physics,
  author={Takeshi {Hatanaka} and Xuan {Zhang} and Wenbo {Shi} and Minghui {Zhu} and Na {Li}},
  booktitle={2017 IEEE 56th Annual Conference on Decision and Control (CDC)}, 
  title={Physics-integrated hierarchical/distributed HVAC optimization for multiple buildings with robustness against time delays}, 
  year={2017},
  volume={},
  number={},
  pages={6573-6579},
  doi={10.1109/CDC.2017.8264650}
}

@article{Mlynek2012Two,
  title={Two-port Network Transfer Function for Power Line Topology Modeling.},
  author={Mlynek, Petr and Misurec, Jiri and Koutny, Martin and Silhavy, Pavel},
  journal={Radioengineering},
  volume={21},
  number={1},
  year={2012}
}

@INPROCEEDINGS{Zhao2009The,
  author={Linhai {Zhao} and Jingrong {Guo} and Hong {Li} and Weining {Liu}},
  booktitle={2009 3rd IEEE International Symposium on Microwave, Antenna, Propagation and EMC Technologies for Wireless Communications}, 
  title={The simulation analysis of influence on jointless track circuit signal transmission from compensation capacitor based on transmission-line theory}, 
  year={2009},
  volume={},
  number={},
  pages={1113-1118},
  doi={10.1109/MAPE.2009.5355926},
  ISSN={},
  month={Oct}
}

@Article{Sandidzadeh2013Intelligent,
author={Sandidzadeh, Mohammad Ali
and Dehghani, Mehdi},
title={Intelligent condition monitoring of railway signaling in train detection subsystems},
journal={Journal of Intelligent {\&} Fuzzy Systems},
year={2013},
publisher={IOS Press},
volume={24},
pages={859-869},
note={4},
doi={10.3233/IFS-2012-0604},
url={https://doi.org/10.3233/IFS-2012-0604}
}

@article{Chen2008Fault,
title = "Fault detection and diagnosis for railway track circuits using neuro-fuzzy systems",
journal = "Control Engineering Practice",
volume = "16",
number = "5",
pages = "585 - 596",
year = "2008",
issn = "0967-0661",
doi = "https://doi.org/10.1016/j.conengprac.2007.06.007",
author = "Jiehua Chen and Clive Roberts and Paul Weston"
}

@article{Karimi2013Sequential,
  author = {Hamid R. Karimi and Francisco Palacios-Quiñonero and Josep M. Rossell and Josep Rubió-Massegú},
  title ={Sequential design of multioverlapping controllers for structural vibration control of tall buildings under seismic excitation},
  journal = {Proceedings of the Institution of Mechanical Engineers, Part I: Journal of Systems and Control Engineering},
  volume = {227},
  number = {2},
  pages = {176-183},
  year = {2013},
  doi = {10.1177/0959651812464026},
  URL = {https://doi.org/10.1177/0959651812464026},
  eprint = {https://doi.org/10.1177/0959651812464026}
}

@article{Fu2011Distributed,
author = {Tat S. Fu  and Erik A. Johnson },
title = {Distributed Mass Damper System for Integrating Structural and Environmental Controls in Buildings},
journal = {Journal of Engineering Mechanics},
volume = {137},
number = {3},
pages = {205-213},
year = {2011},
doi = {10.1061/(ASCE)EM.1943-7889.0000211},
eprint = {https://ascelibrary.org/doi/pdf/10.1061/\%28ASCE\%29EM.1943-7889.0000211}
}

@article{Gudarzi2015Synthesis,
author = {Mohammad Gudarzi},
title ={$\mu$-Synthesis Controller Design for Seismic Alleviation of Structures with Parametric Uncertainties},
journal = {Journal of Low Frequency Noise, Vibration and Active Control},
volume = {34},
number = {4},
pages = {491-511},
year = {2015},
doi = {10.1260/0263-0923.34.4.491},
URL = {https://doi.org/10.1260/0263-0923.34.4.491},
eprint = {https://doi.org/10.1260/0263-0923.34.4.491}
}

@article{Hoang2008Optimal,
title = "Optimal tuned mass damper for seismic applications and practical design formulas",
journal = "Engineering Structures",
volume = "30",
number = "3",
pages = "707 - 715",
year = "2008",
issn = "0141-0296",
doi = "https://doi.org/10.1016/j.engstruct.2007.05.007",
author = "Nam Hoang and Yozo Fujino and Pennung Warnitchai",
}

@Article{Jonscher1977The,
author={Jonscher, Andrew K.},
title={The `universal' dielectric response},
journal={Nature},
year={1977},
month={Jun},
day={01},
volume={267},
number={5613},
pages={673-679},
issn={1476-4687},
doi={10.1038/267673a0},
url={https://doi.org/10.1038/267673a0}
}

@article{Jonscher1999Dielectric,
	doi = {10.1088/0022-3727/32/14/201},
	url = {https://doi.org/10.1088\%2F0022-3727\%2F32\%2F14\%2F201},
	year = 1999,
	month = {jan},
	publisher = {{IOP} Publishing},
	volume = {32},
	number = {14},
	pages = {R57--R70},
	author = {Andrew K. Jonscher},
	title = {Dielectric relaxation in solids},
	journal = {Journal of Physics D: Applied Physics}
}

@article{McCullen2009The,
	doi = {10.1088/0022-3727/42/6/064001},
	url = {https://doi.org/10.1088\%2F0022-3727\%2F42\%2F6\%2F064001},
	year = 2009,
	month = {mar},
	publisher = {{IOP} Publishing},
	volume = {42},
	number = {6},
	pages = {064001},
	author = {Nicholas J. McCullen and Darryl P. Almond and Christopher J. Budd and Giles W. Hunt},
	title = {The robustness of the emergent scaling property of random RC network models of complex materials},
	journal = {Journal of Physics D: Applied Physics}
}

@article{Almond2013The,
title = "The origin of power-law emergent scaling in large binary networks",
journal = "Physica A: Statistical Mechanics and its Applications",
volume = "392",
number = "4",
pages = "1004 - 1027",
year = "2013",
issn = "0378-4371",
doi = "https://doi.org/10.1016/j.physa.2012.10.035",
author = "Darryl P. Almond and Christopher J. Budd and Melina A. Freitag and Giles W. Hunt and Nicholas J. McCullen and Nathan D. Smith"
}

@article{Zhai2017Universality,
    author = {Zhai, Chongpu AND Hanaor, Dorian AND Gan, Yixiang},
    journal = {PLOS ONE},
    publisher = {Public Library of Science},
    title = {Universality of the emergent scaling in finite random binary percolation networks},
    year = {2017},
    month = {02},
    volume = {12},
    url = {https://doi.org/10.1371/journal.pone.0172298},
    pages = {1-11},
    number = {2},
    doi = {10.1371/journal.pone.0172298}
}

@article{Murphy2006Evidence,
author = {Kevin D. Murphy  and  Giles W. Hunt  and  Darryl P. Almond },
title = {Evidence of emergent scaling in mechanical systems},
journal = {Philosophical Magazine},
volume = {86},
number = {21-22},
pages = {3325-3338},
year  = {2006},
publisher = {Taylor & Francis},
doi = {10.1080/14786430500197934},
URL = {https://doi.org/10.1080/14786430500197934},
eprint = {https://doi.org/10.1080/14786430500197934}
}

@article{Todd2005Fractional,
    author = {Doehring, Todd C. and Freed, Alan D. and Carew, Evelyn O. and Vesely, Ivan},
    title = "{Fractional Order Viscoelasticity of the Aortic Valve Cusp: An Alternative to Quasilinear Viscoelasticity}",
    journal = {Journal of Biomechanical Engineering},
    volume = {127},
    number = {4},
    pages = {700-708},
    year = {2005},
    month = {01},
    issn = {0148-0731},
    doi = {10.1115/1.1933900},
    url = {https://doi.org/10.1115/1.1933900},
    eprint = {https://asmedigitalcollection.asme.org/biomechanical/article-pdf/127/4/700/5770253/700\_1.pdf},
}

@Article{Heymans1994Fractal,
author={Heymans, Nicole
and Bauwens, J.-C.},
title={Fractal rheological models and fractional differential equations for viscoelastic behavior},
journal={Rheologica Acta},
year={1994},
volume={33},
number={3},
pages={210-219},
issn={1435-1528},
doi={10.1007/BF00437306},
url={https://doi.org/10.1007/BF00437306}
}

@INPROCEEDINGS{Goodwine2014Modeling,
  author={Bill {Goodwine}},
  booktitle={2014 IEEE International Conference on Robotics and Automation (ICRA)}, 
  title={Modeling a multi-robot system with fractional-order differential equations}, 
  year={2014},
  volume={},
  number={},
  pages={1763-1768},
  doi={10.1109/ICRA.2014.6907089}
}

@INPROCEEDINGS{Leyden2016Using,
  author={Kevin {Leyden} and Bill {Goodwine}},
  booktitle={2016 IEEE International Conference on Robotics and Automation (ICRA)}, 
  title={Using fractional-order differential equations for health monitoring of a system of cooperating robots}, 
  year={2016},
  volume={},
  number={},
  pages={366-371},
  doi={10.1109/ICRA.2016.7487154}
}

@phdthesis{Mayes2012Reduction,
  title={Reduction and approximation in large and infinite potential-driven flow networks},
  author={Mayes, Jason},
  year={2012},
  publisher={Citeseer},
  school={University of Notre Dame}
}

@INPROCEEDINGS{Chen2009Fractional,
  author={Yangquan {Chen} and Ivo {Petr\'{a}\v{s}} and Dingyu {Xue}},
  booktitle={2009 American Control Conference}, 
  title={Fractional order control - A tutorial}, 
  year={2009},
  volume={},
  number={},
  pages={1397-1411},
  doi={10.1109/ACC.2009.5160719}
}

@phdthesis{Ni2021Frequency,
title={Frequency Response of Self-Similar Dynamic Networks with Applications to Health Monitoring and Control},
url={https://curate.nd.edu/show/kh04dn43855},
author={Ni, Xiangyu},
year={2021},
school={University of Notre Dame}
}

@Article{Leyden2019Large,
author={Leyden, Kevin
and Sen, Mihir
and Goodwine, Bill},
title={Large and Infinite Mass--Spring--Damper Networks},
journal={Journal of Dynamic Systems, Measurement, and Control},
year={2019},
month={Feb},
day={21},
volume={141},
number={6},
note={061005},
issn={0022-0434},
doi={10.1115/1.4042466},
url={https://doi.org/10.1115/1.4042466}
}

@article{Adrian2021Fractional,
author = {Guel-Cortez, Adrian-Josue and Méndez-Barrios, César-Fernando and Kim, Eun-jin and Sen, Mihir},
title = {Fractional-order controllers for irrational systems},
journal = {IET Control Theory \& Applications},
volume = {15},
number = {7},
pages = {965-977},
doi = {https://doi.org/10.1049/cth2.12095},
url = {https://ietresearch.onlinelibrary.wiley.com/doi/abs/10.1049/cth2.12095},
eprint = {https://ietresearch.onlinelibrary.wiley.com/doi/pdf/10.1049/cth2.12095},
year = {2021}
}

@article{Sabatier2020Beyond,
title = {Beyond the particular case of circuits with geometrically distributed components for approximation of fractional order models: Application to a new class of model for power law type long memory behaviour modelling},
journal = {Journal of Advanced Research},
volume = {25},
pages = {243-255},
year = {2020},
note = {Recent Advances in the Fractional-Order Circuits and Systems: Theory, Design and Applications},
issn = {2090-1232},
doi = {https://doi.org/10.1016/j.jare.2020.04.004},
url = {https://www.sciencedirect.com/science/article/pii/S2090123220300667},
author = {Jocelyn Sabatier}
}

@Article{Nigmatullin2010Is,
author={Nigmatullin, R. R.
and Baleanu, D.},
title={Is It Possible to Derive Newtonian Equations of Motion with Memory?},
journal={International Journal of Theoretical Physics},
year={2010},
month={Apr},
day={01},
volume={49},
number={4},
pages={701-708},
issn={1572-9575},
doi={10.1007/s10773-010-0249-x},
url={https://doi.org/10.1007/s10773-010-0249-x}
}

@misc{McClure2013Numerical,
  author = {Tucker McClure},
  title = {Numerical Inverse Laplace Transform},
  howpublished = "\url{https://www.mathworks.com/matlabcentral/fileexchange/39035-numerical-inverse-laplace-transform}",
  year = {2013}, 
  note = "[Online; accessed 2021-6-27]"
}

@misc{AbateA,
  author = {Joseph Abate, Ward Whitt},
  title = {A Unified Framework for Numerically Inverting Laplace Transforms},
  howpublished = "\url{http://www.columbia.edu/~ww2040/JoC.pdf}",
  note = "[Online; accessed 2021-6-27]"
}

@Article{Bula2021Software,
AUTHOR = {Bula, Dawid and Grabowski, Dariusz and Lewandowski, Michal and Maciazek, Marcin and Piwowar, Anna},
TITLE = {Software Solution for Modeling, Sizing, and Allocation of Active Power Filters in Distribution Networks},
JOURNAL = {Energies},
VOLUME = {14},
YEAR = {2021},
NUMBER = {1},
ARTICLE-NUMBER = {133},
URL = {https://www.mdpi.com/1996-1073/14/1/133},
ISSN = {1996-1073},
DOI = {10.3390/en14010133}
}

@article{Nasir2021Frequency,
author = {Muhammad Nasir and Muhammad Faisal Hayat and Ayesha Jamal and Zahoor Ahmed},
title ={Frequency domain consensus control analysis of the networked multi-agent system with controller area network bus–induced delay},
journal = {Journal of Vibration and Control},
volume = {0},
number = {0},
pages = {10775463211022476},
year = {2021},
doi = {10.1177/10775463211022476},
URL = {https://doi.org/10.1177/10775463211022476},
eprint = {https://doi.org/10.1177/10775463211022476}
}

@article{Ahmed2021Frequency,
title = {Frequency domain analysis of resilient consensus in multi-agent systems subject to an integrity attack},
journal = {ISA Transactions},
volume = {111},
pages = {156-170},
year = {2021},
issn = {0019-0578},
doi = {https://doi.org/10.1016/j.isatra.2020.11.014},
url = {https://www.sciencedirect.com/science/article/pii/S0019057820304857},
author = {Zahoor Ahmed and Muhammad Abid Saeed and Ahmadreza Jenabzadeh and Zhang Weidong}
}

@inbook{CattaniSrivastavaYang+2016+1+5,
author = {Carlo Cattani and H. M. Srivastava and Xiao-Jun Yang},
editor = {Carlo Cattani and Hari M. Srivastava and Xiao-Jun Yang},
doi = {doi:10.1515/9783110472097-001},
url = {https://doi.org/10.1515/9783110472097-001},
title = {Fractional Dynamics: },
booktitle = {Fractional Dynamics},
year = {2016},
publisher = {De Gruyter Open Poland},
pages = {1--5}
}

@BOOK{fraccontrol,
	author={Duarte Val\'erio and Jos\'e S\'a de Costa},
	title={An Introduction to Fractional Control},
	publisher = {Institution of Engineering and Technology},
	year = {2013},
	address = {London, United Kingdom}
}

@BOOK{mlfbook,
	author={Rudolf Gorenflo and Anatoly A.\ Kilbas and Francesco Mainiardi and Sergei V.\ Rogosin},
	title={Mittag-Leffler Functions, Related Topics and Applications},
	publisher = {Springer-Verlag},
	year = {2014},
	address = {Berlin Heidelberg}
}

@INPROCEEDINGS{YQChenAcc,  
	author={ {Dingyu Xue} and  {Chunna Zhao} and  {YangQuan Chen}},  
	booktitle={2006 American Control Conference},   
	title={Fractional order {PID} control of a {DC}-motor with elastic shaft: a case study},   
	year={2006},  
	volume={},  
	number={},  
	pages={3182-3187},  
	doi={10.1109/ACC.2006.1657207}
}

@BOOK{fracbook,
author={Manuel Duarte Ortigueira},
title={Fractional Calculus for Scientists and Engineers},
publisher={Springer Netherlands},
year ={2011},
address={Netherlands},
Series={Lecture Notes in Electrical Engineering},
volume={84},
doi={10.1007/978-94-007-0747-4}
}

@BOOK{fracbook2,
author={Keith Oldham and Jerome Spanier},
title={The Fractional Calculus Theory and Applications of Differentiation and Integration to Arbitrary Order},
publisher={Elsevier Science},
year={1974}
}

@BOOK{oustaloup,
author={Alain Oustaloup},
title={La d´erivation non enti`ere},
publisher={Hermes}, 
year={1995}
}

@phdthesis{mayes,
author={Jason Mayes},
title={Reduction and Approximation in Large and Infinite Potential-Driven Flow Networks},
school={University of Notre Dame},
year={2012}
}

@article{SUN2018213,
title = {A new collection of real world applications of fractional calculus in science and engineering},
journal = {Communications in Nonlinear Science and Numerical Simulation},
volume = {64},
pages = {213-231},
year = {2018},
issn = {1007-5704},
doi = {https://doi.org/10.1016/j.cnsns.2018.04.019},
OPTurl = {https://www.sciencedirect.com/science/article/pii/S1007570418301308},
author = {HongGuang Sun and Yong Zhang and Dumitru Baleanu and Wen Chen and YangQuan Chen},
keywords = {Fractional calculus, Fractional differential equations, Anomalous diffusion, Visoelasticity, Control, Signal and image processing, Dynamic systems, Biology, Macroeconomic models, Environmental science}
}                                                

@book{Baleanu:2011:FDC:2161636,
 author = {Baleanu, Dumitru and Machado, Jos{\'e} Ant{\'o}nio Tenreiro and Luo,
                  Albert C. J.},
 title = {Fractional Dynamics and Control},
 year = {2011},
 isbn = {1461404568, 9781461404569},
 publisher = {Springer Publishing Company, Incorporated},
}

@book{series/lnee/Ortigueira11,
  added-at = {2011-08-12T00:00:00.000+0200},
  author = {Ortigueira, Manuel Duarte},
  keywords = {dblp},
  pages = {1-152},
  publisher = {Springer},
  series = {Lecture Notes in Electrical Engineering},
  timestamp = {2011-08-12T00:00:00.000+0200},
  title = {Fractional Calculus for Scientists and Engineers},
  volume = 84,
  year = 2011
}

@article{silva2004fractional,
  title={Fractional order control of a hexapod robot},
  author={Silva, Manuel F and Machado, JA Tenreiro and Lopes, AM},
  journal={Nonlinear Dynamics},
  volume={38},
  number={1-4},
  pages={417--433},
  year={2004},
  publisher={Springer}
}


@Article{delvari,
  author = 	 {H Delavari and P Lanusse and J Sabatier},
  title = 	 {Fractional Order Controller Design for A Flexible Link Manipulator Robot},
  journal = 	 {Asian Journal of Control},
  year = 	 {2013},
  OPTkey = 	 {},
  volume = 	 {15},
  OPTnumber = 	 {},
  pages = 	 {783–795},
  OPTmonth = 	 {},
  OPTnote = 	 {},
  OPTannote = 	 {}
}

@ARTICLE{4609961,
author={Ortigueira, M.D.},
journal={Circuits and Systems Magazine, IEEE},
title={An introduction to the fractional continuous-time linear systems: the 21st century systems},
year={2008},
volume={8},
number={3},
pages={19-26},
keywords={calculus;continuous time systems;linear systems;step response;transient response;Mittag-Leffler function;continuous-time linear systems;fractional calculus;impulse response;step response;Chaos;Circuits and systems;Filtering;Fractional calculus;Frequency;Linear systems;Mathematics;Poles and zeros;Resonance;Robust control},
doi={10.1109/MCAS.2008.928419},
ISSN={1531-636X},}

@INPROCEEDINGS{725510,
author={Machado, J.A.T. and Azenha, A.},
booktitle={Systems, Man, and Cybernetics, 1998. 1998 IEEE International Conference on},
title={Fractional-order hybrid control of robot manipulators},
year={1998},
volume={1},
pages={788-793 vol.1},
keywords={force control;manipulators;position control;robust control;dynamic backlash;flexibility;fractional-order hybrid control;nonlinear friction;nonlinear phenomena;position/force hybrid control;robot joints;robot manipulators;system performance;system robustness;time responses;Control systems;Equations;Fault detection;Force control;Jacobian matrices;Manipulator dynamics;Performance analysis;Robot control;Robot kinematics;Robust control},
doi={10.1109/ICSMC.1998.725510},
ISSN={1062-922X},}

@Article{bg:brett1,
  author = 	 {M. Brett McMickell and Bill Goodwine},
  title = 	 {Reduction and non-linear controllability of symmetric distributed systems},
  journal = 	 {International Journal of Control},
  year = 	 {2003},
  OPTkey = 	 {},
  volume = 	 {76},
  number = 	 {18},
  pages = 	 {1809-1822},
  OPTmonth = 	 {},
  OPTnote = 	 {},
  OPTannote = 	 {}
}

@Article{bg:brett2,
  author = 	 {M. Brett McMickell and Bill Goodwine},
  title = 	 {Motion planning for nonlinear symmetric distributed robotic formations},
  journal = 	 {The International journal of robotics research},
  year = 	 {2007},
  OPTkey = 	 {},
  volume = 	 {26},
  number = 	 {10},
  pages = 	 {1025-1041},
  OPTmonth = 	 {},
  OPTnote = 	 {},
  OPTannote = 	 {}
}

@Article{bg:antsaklis,
   author              = {Bill Goodwine and
                          Panos J. Antsaklis},
   title               = {Multi-agent compositional stability
                  exploiting system symmetries.},
   journal             = {Automatica},
   year                = {2013},
   pages               = {3158-3166},
   ee                  =
                  {http://dx.doi.org/10.1016/j.automatica.2013.07.003},
}


@article{murray2007recent,
  title={Recent research in cooperative control of multivehicle systems},
  author={Murray, Richard M},
  journal={Journal of Dynamic Systems Measurement and Control},
  volume={129},
  number={5},
  pages={571},
  year={2007},
  publisher={American Society Mechanical Engineers}
}

@Article{murray2,
  author =       {J. Alexander Fax and Richard M. Murray},
  title =        {Information Flow and Cooperative Control of Vehicle Formations},
  journal =      {IEEE Transactions on Automatic Control},
  year =         {2004},
  OPTkey =       {},
  volume =       {49},
  number =       {9},
  pages =        {1465- 1476},
  OPTmonth =     {},
  OPTnote =      {},
  OPTannote =    {}
}

@Article{ren,
  author =       {Wei Ren and Randal W. Beard and Ella M. Atkins},
  title =        {Information Consensus in Multivehicle Cooperative Control},
  journal =      {IEEE Control Systems Magazine},
  year =         {2007},
  OPTkey =       {},
  OPTvolume =    {},
  OPTnumber =    {},
  pages =        {71-82},
  month =        {April},
  OPTnote =      {},
  OPTannote =    {}
}

@Article{morse,
  author =       {Ali Jadbabaie and Jie Lin and A. Stephen Morse},
  title =        {Coordination of Groups of Mobile Autonomous Agents Using Nearest Neighbor Rules},
  journal =      {IEEE Transactions on Automatic Control},
  year =         {2003},
  OPTkey =       {},
  volume =       {48},
  number =       {6},
  pages =        {988-1001},
  OPTmonth =     {},
  OPTnote =      {},
  OPTannote =    {}
}

@Article{arkin,
  author = 	 {Tucker Balch and Ronald C. Arkin},
  title = 	 {Behavior-Based Formation Control for Multirobot Teams},
  journal = 	 {IEEE Transactions on Robotics and Automation},
  year = 	 {1998},
  OPTkey = 	 {},
  volume = 	 {14},
  number = 	 {6},
  pages = 	 {926-939},
  OPTmonth = 	 {},
  OPTnote = 	 {},
  OPTannote = 	 {}
}

@InProceedings{leonard,
  author =       {N.E. Leonard and E. Fiorelli},
  title =        {Virtual Leaders, Artificial Potentials, and Coordinated Control of Groups},
  booktitle =    {Proceedings of the 40th IEEE Conference on Decision and Control},
  OPTcrossref =  {},
  OPTkey =       {},
  pages =        {2968--2973},
  year =         {2001},
  OPTeditor =    {},
  OPTvolume =    {},
  OPTnumber =    {},
  OPTseries =    {},
  location =     {Orlando, FL},
  month =        {December},
  OPTorganization = {},
  OPTpublisher = {},
  OPTnote =      {},
  OPTannote =    {}
}

@Article{heymans,
  author = 	 {N Heymans and JC Bauwens},
  title = 	 {Fractal rheological models and fractional
differential equations for viscoelastic behavior},
  journal = 	 {Rheologica Acta},
  year = 	 {1994},
  OPTkey = 	 {},
  volume = 	 {33},
  OPTnumber = 	 {},
  pages = 	 {210–219},
  OPTmonth = 	 {},
  OPTnote = 	 {},
  OPTannote = 	 {}
}

@Article{mayesarticle,
  author = 	 {Jason Mayes and Mihir Sen},
  title = 	 {Approximation of potential-driven flow dynamics in large-scale self-similar tree networks},
  journal = 	 {Proceedings of the Royal Society A},
  year = 	 {2011},
  OPTkey = 	 {},
  volume = 	 {467},
  OPTnumber = 	 {},
  pages = 	 {2810–2824},
  OPTmonth = 	 {},
  OPTnote = 	 {},
  OPTannote = 	 {}
}


@PhdThesis{mayesthesis,
  author = 	 {Jason Mayes},
  title = 	 {Reduction and Approximation in Large and Infinite
Potential-Driven Flow Networks},
  school = 	 {University of Notre Dame},
  year = 	 {2012},
  OPTkey = 	 {},
  OPTtype = 	 {},
  OPTaddress = 	 {},
  OPTmonth = 	 {},
  OPTnote = 	 {},
  OPTannote = 	 {}
}

@Article{kumar1,
  author = 	 {Aveek K. Das and Rafael Fierro and Vijay Kumar and
James P. Ostrowski and John Spletzer and Camillo J. Taylor},
  title = 	 {A Vision-Based Formation Control Framework},
  journal = 	 {IEEE Transactions on Robotics and Automation},
  year = 	 {2002},
  OPTkey = 	 {},
  volume = 	 {18},
  number = 	 {5},
  pages = 	 {813-825},
  OPTmonth = 	 {},
  OPTnote = 	 {},
  OPTannote = 	 {}
}

@article{Cao2010233,
title = "Distributed formation control for fractional-order systems: Dynamic interaction and absolute/relative damping ",
journal = "Systems \& Control Letters ",
volume = "59",
number = "3–4",
pages = "233 - 240",
year = "2010",
note = "",
issn = "0167-6911",
author = "Yongcan Cao and Wei Ren",
keywords = "Cooperative control",
keywords = "Distributed algorithms",
keywords = "Fractional-order systems",
keywords = "Coordination "
}

@article{cao2010distributed,
  title={Distributed coordination of networked fractional-order
                  systems},
  author={Cao, Yongcan and Li, Yan and Ren, Wei and Chen, Yang Quan},
  journal={Systems, Man, and Cybernetics, Part B: Cybernetics, IEEE
                  Transactions on},
  volume={40},
  number={2},
  pages={362--370},
  year={2010},
  publisher={IEEE}
}

@article{cao2013overview,
  title={An overview of recent progress in the study of distributed
                  multi-agent coordination},
  author={Cao, Yongcan and Yu, Wenwu and Ren, Wei and Chen, Guanrong},
  journal={Industrial Informatics, IEEE Transactions on},
  volume={9},
  number={1},
  pages={427--438},
  year={2013},
  publisher={IEEE}
}

@article{Machado20111140,
title = "Recent history of fractional calculus",
journal = "Communications in Nonlinear Science and Numerical Simulation ",
volume = "16",
number = "3",
pages = "1140 - 1153",
year = "2011",
note = "",
issn = "1007-5704",
author = "J Tenreiro Machado and Virginia Kiryakova and Francesco Mainardi",
keywords = "Fractional calculus "
}

@InProceedings{chen1,
  author = 	 {Chunna Zhao and Dingyu Xue and YangQuan Chen},
  title = 	 {A Fractional Order PID Tuning Algorithm for A Class of Fractional Order Plants},
  OPTcrossref =  {},
  OPTkey = 	 {},
  booktitle = {Proceedings of the IEEE International Conference on Mechatronics \& Automation},
  year = 	 {2005},
  OPTeditor = 	 {},
  OPTvolume = 	 {},
  OPTnumber = 	 {},
  OPTseries = 	 {},
  OPTpages = 	 {},
  OPTmonth = 	 {},
  OPTaddress = 	 {},
  OPTorganization = {},
  OPTpublisher = {},
  OPTnote = 	 {},
  OPTannote = 	 {}
}

@article{Monje2008798,
title = "Tuning and auto-tuning of fractional order controllers for industry applications ",
journal = "Control Engineering Practice ",
volume = "16",
number = "7",
pages = "798 - 812",
year = "2008",
note = "",
issn = "0967-0661",
author = "Concepci{\'o}n A Monje and Blas M Vinagre and Vicente Feliu and YangQuan Chen",
keywords = "Auto-tuning",
keywords = "\{PID\} controller",
keywords = "Fractional order controller",
keywords = "Gain variations",
keywords = "Robust control "
}

@article{chen2,
year={2002},
issn={0924-090X},
journal={Nonlinear Dynamics},
volume={29},
number={1-4},
doi={10.1023/A:1016591006562},
title={Analytical Stability Bound for a Class of Delayed Fractional-Order Dynamic Systems},
publisher={Kluwer Academic Publishers},
keywords={delay; fractional-order dynamic systems; fractional-order integrator; fractional-order differentiator; stability bound; analytical solutions; Lambert function},
author={Chen, YangQuan and Moore, Kevin L},
pages={191-200},
language={English}
}

@InProceedings{bg:icra2014,
  author = 	 {Bill Goodwine},
  title = 	 {Modeling a Multi-Robot System with Fractional-Order Differential Equations},
  booktitle = {Proceedings of the IEEE International Conference on Robotics and Automation},
  year = 	 {2014},
  pages = 	 {1763-1768},
}


@article{hartley2003fractional,
  title={Fractional-order system identification based on continuous order-distributions},
  author={Hartley, Tom T. and Lorenzo, Carl F.},
  journal={Signal processing},
  volume={83},
  number={11},
  pages={2287--2300},
  year={2003},
  publisher={Elsevier}
}

@book{das2011functional,
  title={Functional Fractional Calculus},
  author={Das, Shantanu},
  year={2011},
  publisher={Springer Science \& Business Media}
}

@article{zhou2013genetic,
  title={Genetic algorithm-based identification of fractional-order systems},
  author={Zhou, Shengxi and Cao, Junyi and Chen, Yangquan},
  journal={Entropy},
  volume={15},
  number={5},
  pages={1624--1642},
  year={2013},
  publisher={Multidisciplinary Digital Publishing Institute}
}

@inproceedings{liu2013identification,
  title={Identification of fractional order systems using modulating functions method},
  author={Liu, Da-Yan and Laleg-Kirati, Taous-Meriem and Gibaru, Olivier and Perruquetti, Wilfrid},
  booktitle={American Control Conference (ACC), 2013},
  pages={1679--1684},
  year={2013},
  organization={IEEE}
}

@article{narang2011continuous,
  title={Continuous-time model identification of fractional-order models with time delays},
  author={Narang, Arun and Shah, Sirish L. and Chen, T.},
  journal={IET Control Theory \& Applications},
  volume={5},
  number={7},
  pages={900--912},
  year={2011},
  publisher={IET}
}

@book{Oldham1974,
  title={The Fractional Calculus},
  author={Oldham, Keith B and Jerome Spanier},
  year={1974},
  publisher={Academic Press},
  address={New York}
}

@software{Goodwine_Integer_trained_neural,
author = {Goodwine, Bill and Chen, Tan},
title = {{Integer trained neural network to identify fractional order dynamics}},
url = {https://github.com/jwgoodwine/med2024.git}
}

@ARTICLE{Rosenblatt1960,
  author={Rosenblatt, Frank},
  journal={Proceedings of the IRE},
  title={Perceptron Simulation Experiments},
  year={1960},
  volume={48},
  number={3},
  pages={301-309},
  keywords={Computational modeling;Brain modeling;Laboratories;Computer simulation;Predictive models;Neurons;Pattern recognition;Digital simulation;Mathematical analysis;Retina},
  doi={10.1109/JRPROC.1960.287598}}

@article{hornik1989multilayer,
  title={Multilayer feedforward networks are universal approximators},
  author={Hornik, Kurt and Stinchcombe, Maxwell and White, Halbert},
  journal={Neural networks},
  volume={2},
  number={5},
  pages={359--366},
  year={1989},
  publisher={Elsevier}
}

@article{linnainmaa1,
    title = {Seppo Linnainmaa},
    author = {Taylor expansion of the accumulated rounding error}, 
    journal = {BIT},
    volum = {16}, 
    pages = {146–160},
    year = {1976},
    doi = {https://doi.org/10.1007/BF01931367}
}

@InProceedings{werbos,
    author="Werbos, Paul J.",
    editor="Drenick, R. F. and Kozin, F.",
    title="Applications of advances in nonlinear sensitivity analysis",
    booktitle="System Modeling and Optimization",
    year="1982",
    publisher="Springer Berlin Heidelberg",
    address="Berlin, Heidelberg",
    pages="762--770",
    isbn="978-3-540-39459-4"
}



